<?xml version="1.0" encoding="UTF-8"?>
<collection xmlns:xsi="http://www.w3.org/2001/XMLSchema-instance" xsi:schemaLocation="http://www.loc.gov/MARC21/slim http://www.loc.gov/standards/marcxml/schema/MARC21slim.xsd" xmlns="http://www.loc.gov/MARC21/slim">
<record>
  <leader>01137cam a22002051  4500</leader>
  <controlfield tag="001">2686040</controlfield>
  <controlfield tag="003">NNC</controlfield>
  <controlfield tag="005">20150920222900.0</controlfield>
  <controlfield tag="008">000927s1953    ua            000 0 ara d</controlfield>
  <datafield tag="035" ind1=" " ind2=" ">
    <subfield code="a">(OCoLC)ocm45085831</subfield>
  </datafield>
  <datafield tag="035" ind1=" " ind2=" ">
    <subfield code="9">ARD5652CU</subfield>
  </datafield>
  <datafield tag="035" ind1=" " ind2=" ">
    <subfield code="a">(NNC)2686040</subfield>
  </datafield>
  <datafield tag="040" ind1=" " ind2=" ">
    <subfield code="a">ZCU</subfield>
    <subfield code="c">ZCU</subfield>
  </datafield>
  <datafield tag="099" ind1=" " ind2=" ">
    <subfield code="a">962</subfield>
    <subfield code="a">Eg987</subfield>
  </datafield>
  <datafield tag="110" ind1="1" ind2=" ">
    <subfield code="a">Egypt.</subfield>
    <subfield code="t">Laws, etc.</subfield>
  </datafield>
  <datafield tag="245" ind1="1" ind2="0">
    <subfield code="a">Qānūn bi-aḥkām al-waqf al-ṣādir bi-al-Qānūn raqm 48 lisanat 1946,</subfield>
    <subfield code="b">muʻallaqan ʻalā mawāddihī bi-aʻmalihī al-taḥḍīrīyah, wa-mudhaiyal bi-al-marsūm bi-Qānūn raqm 180 lisanat 1952 bi-ʾilghāʾ niẓām al-waqf ʻalā ghair al-khairāt, wa-al-marsūm bi-qānūn raqm 342 lisanat 1952 al-muʻaddal lahū, qarār Wazīr al-ʻAdl bi-al-ijrāʾāt al-wājib ittibāʻ uhā li-shahr ilghāʾ al-waqf ʻalā ghair al-khairāt wa-mudhakkiratuhā al-īdāhīyah;</subfield>
    <subfield code="c">wadʻ Ibrāhīm Ḥanafī. Rājaʻa al-taʻlīqāt wa-aqarrahā Muḥammad Aḥmad Faraj al-Sanhūrī.</subfield>
  </datafield>
  <datafield tag="260" ind1=" " ind2=" ">
    <subfield code="a">al-Qāhirah,</subfield>
    <subfield code="b">al-Maṭb. al-Amīrīyah,</subfield>
    <subfield code="c">1953.</subfield>
  </datafield>
  <datafield tag="300" ind1=" " ind2=" ">
    <subfield code="a">159 p.</subfield>
  </datafield>
  <datafield tag="500" ind1=" " ind2=" ">
    <subfield code="a">At head of title: Wizārat al-ʻAdl.</subfield>
  </datafield>
  <datafield tag="955" ind1=" " ind2=" ">
    <subfield code="b">0026812096</subfield>
    <subfield code="d">glx</subfield>
    <subfield code="e">962 Eg987</subfield>
  </datafield>
</record>
</collection>